3008 4912
631 406 798 451 urrunnu
821 407 860 449 11.

530 596 786 639 xxxma—vlam
808 593 952 637 BOSONIS.

235 717 274 777 In
301 723 444 796 tempore
465 713 622 776 Willelmi
642 713 774 795 quidam
798 711 940 774 militum
960 710 1031 794 ejus
1053 709 1234 774 vocabulo
1259 711 1356 774 Base.

174 803 274 882 (dist.
293 801 456 876 Dunelm.,
473 800 616 881 1V.,ix.)

171 1030 420 1078 xxxviia-Quo
447 1029 536 1071 anno
563 1027 704 1070 sauctus
731 1027 946 1070 cunnnunrus
972 1026 1176 1070 onntua'rus
1205 1029 1283 1085 asu,
1315 1029 1355 1071 nr

256 1115 418 1165 euasurum
450 1114 630 1156 suasanus
661 1114 701 1156 nr
733 1114 974 1156 vnuunauarua
1004 1115 1048 1155 aa
1081 1114 1259 1164 susionis
1293 1116 1350 1157 aa·

258 1193 378 1243 einus⁸

237 1318 333 1378 Anno
351 1315 528 1379 Dominieae
541 1315 773 1379 incarnationis
790 1315 946 1390 nelnxnv,
965 1313 1138 1376 ordinatus
1155 1323 1210 1378 est
1227 1314 1347 1379 beatus

173 1410 264 1484 pater
288 1402 485 1465 Cuthbcrtus
506 1402 541 1464 in
558 1401 628 1484 ipsa
647 1402 862 1465 sollemnitate
878 1399 1033 1476 Paschali,
1055 1399 1090 1462 id
1110 1408 1177 1477 est,
1197 1402 1344 1484 septimo

172 1489 325 1551 kalendas
343 1489 475 1570 Aprilis,
494 1489 535 1550 ad
553 1487 848 1551 lindisfarnensem
864 1486 1042 1561 ecclesiam,
1061 1485 1135 1567 ipso
1151 1508 1235 1570 rege
1257 1509 1341 1570 prae·

172 1584 274 1649 sente,
298 1581 330 1637 et
351 1575 392 1656 n'j
419 1575 459 1637 ad
483 1575 554 1656 ejus
573 1573 845 1637 consecrationem
870 1571 1072 1636 venientibus
1097 1572 1279 1654 episcopis,
1305 1573 1340 1634 in

171 1661 286 1742 quibus
302 1660 488 1723 Theodorus
503 1659 679 1742 primatum
698 1659 815 1723 tenuit.
861 1659 902 1721 In
917 1658 969 1721 die
984 1657 1204 1720 ordinationis
1220 1659 1339 1722 Sancti

171 1746 343 1808 Cuthbcrti
363 1754 642 1809 commutaverunt
663 1745 730 1828 ipse
749 1755 782 1807 et
803 1746 887 1808 Eata
908 1744 999 1807 sedes
1020 1742 1223 1825 episcopales
1246 1766 1337 1807 eom-

171 1833 260 1894 muni
283 1832 416 1894 consilio
436 1832 562 1913 ngridi
582 1832 677 1913 regis,
698 1839 732 1895 et
750 1831 909 1894 Theodori
930 1829 1173 1910 archiepiscopi,
1196 1837 1231 1901 et
1253 1830 1335 1892 alio-

170 1940 254 1993 rum,
286 1918 407 1980 seilicet
429 1918 544 1981 Ceadae
570 1926 602 1981 et
627 1917 755 1994 Ccddae,
782 1928 814 1980 et
841 1917 975 1979 aliorum
1000 1936 1018 1976 v
1043 1914 1274 1997 episcoporum
1302 1925 1335 1979 et

171 2004 317 2066 omnium
332 2005 510 2086 majorum:
532 2004 641 2085 sieque
656 2005 739 2066 Eata
754 2003 837 2086 apud
852 1999 1099 2065 Hestcldesham
1112 2000 1211 2076 sedit,
1229 2001 1334 2064 Sanc-

171 2099 223 2152 tus
234 2111 309 2152 vero
321 2090 520 2152 Cuthbertus
530 2089 825 2152 Lindissarncnsem
838 2087 1023 2151 cathedram
1032 2085 1188 2148 obtinuit.
1220 2086 1334 2170 Hujus

172 2175 398 2238 Lindisfarniae
413 2175 570 2238 terminus
587 2185 635 2239 est
647 2199 666 2239 a
676 2176 773 2238 fluvio
784 2175 896 2237 Tnoda
905 2195 1006 2255 usqne
1018 2172 1057 2234 ad
1070 2170 1332 2250 Warnedmuda,

172 2268 204 2323 ct
219 2260 294 2323 inde
310 2263 455 2342 superins
471 2283 572 2344 usqne
588 2262 629 2324 ad
643 2264 750 2324 locum
771 2261 827 2324 ubi
847 2282 930 2342 aqna
946 2257 1088 2321 lilarned
1109 2257 1217 2320 oritur
1233 2259 1333 2340 juxta

171 2355 315 2409 montem
333 2346 532 2422 Hiberdunc‚
556 2356 589 2411 et
604 2348 679 2410 inde
693 2369 795 2429 usque
811 2347 850 2409 ad
866 2346 997 2408 flun'um
1012 2343 1184 2420 Bromwic,
1202 2354 1237 2406 et
1252 2344 1331 2408 inde

172 2453 272 2513 usquc
296 2433 335 2495 ad
357 2433 490 2495 fiuvium
512 2435 582 2517 Tyl.
628 2435 671 2496 Et
686 2434 776 2496 illam
792 2442 910 2496 terram
928 2432 1014 2493 ultra
1028 2428 1176 2512 'Puydam
1193 2451 1213 2491 a
1229 2430 1331 2492 fluvio

171 2519 267 2595 Edre,
284 2517 324 2580 ab
340 2518 489 2600 aquilone
505 2541 605 2601 nsque
621 2520 661 2582 ad
676 2519 780 2582 locum
798 2540 861 2601 qno
877 2518 962 2580 eadit
978 2517 1012 2578 in
1023 2514 1134 2578 Tuoda
1143 2540 1153 2590 ;
1174 2523 1328 2579 ettotam

171 2614 289 2666 tenram
317 2625 387 2686 quae
407 2606 494 2685 jacet
518 2605 603 2669 inter
626 2607 725 2668 istum
749 2605 882 2667 fiuvium
905 2603 1022 2679 Eddre,
1047 2610 1080 2665 ct
1104 2599 1248 2663 alterum
1272 2602 1329 2683 qui

170 2699 303 2752 vocatur
318 2690 440 2768 heder,
464 2700 497 2753 ct
517 2700 619 2754 totam
640 2701 760 2754 terram
780 2713 849 2773 quae
872 2691 1011 2772 pertinet
1031 2687 1071 2750 ad
1091 2688 1329 2751 monasterium

171 2776 283 2838 Sancti
304 2777 436 2855 Balteri,
458 2778 544 2860 quod
564 2785 612 2840 est
632 2777 667 2839 in
686 2777 908 2860 Tiniggeham,
930 2799 948 2838 a
964 2774 1208 2838 lambro-more
1224 2794 1329 2856 usque

171 2862 211 2924 ad
240 2863 429 2926 Essemude.
485 2865 528 2926 Et
555 2863 714 2926 dederunt
743 2885 798 2926 rex
827 2861 980 2944 ngridus
1006 2868 1038 2924 et
1064 2857 1328 2942 archiepiscopus

170 2949 355 3012 'theodorus
377 2960 497 3013 terram
520 2950 554 3012 in
575 2950 720 3012 Eboraco
737 2951 855 3013 Sancto
871 2947 1050 3011 Cuthberto
1066 2968 1085 3008 a
1099 2966 1194 3006 muro
1210 2945 1326 3008 Sancti

170 3035 269 3112 Petri,
299 3058 401 3118 usque
426 3035 465 3098 ad
491 3058 643 3117 magnam
668 3045 794 3118 portam
820 3035 1062 3109 occidentalem,
1092 3038 1125 3094 ct
1150 3051 1258 3112 usque
1285 3031 1326 3094 ad

169 3143 297 3183 murum
319 3123 455 3185 civitatis
479 3144 588 3184 versus
608 3131 764 3184 austrum.
817 3122 861 3183 Et
884 3120 1041 3184 dederunt
1064 3117 1095 3179 ei
1118 3116 1229 3205 villam
1252 3138 1326 3200 quae

169 3207 287 3269 dicitur
302 3209 405 3284 Creic,
421 3217 454 3271 et
470 3208 532 3270 tria
546 3208 683 3270 miliaria
697 3209 732 3270 in
746 3208 894 3284 circuitu,
906 3214 943 3268 ut
958 3205 1003 3268 ibi
1019 3210 1125 3286 posset
1140 3223 1276 3266 manere
1291 3204 1326 3266 in

169 3293 274 3355 eundo
294 3302 327 3356 et
343 3294 505 3357 redeundo
525 3296 564 3358 dc
579 3295 734 3357 Eboraeo.
781 3294 832 3357 Ibi
857 3295 995 3356 Sanctus
1020 3288 1222 3353 Cnthbertus
1246 3310 1327 3352 con-

169 3379 389 3460 arrogationem
404 3380 634 3442 monachorum
652 3387 684 3443 et
700 3380 848 3443 abbatem
864 3378 994 3441 nomine
1010 3377 1107 3451 Geve,
1131 3383 1169 3435 ut
1190 3374 1327 3456 quidam

169 3465 291 3542 dicunt,
310 3466 434 3528 statuit.
482 3466 569 3529 Huic
585 3466 771 3550 adjecerunt
787 3466 949 3528 civitatem
965 3462 1056 3538 Luel,
1076 3461 1108 3522 id
1132 3468 1180 3523 cst
1205 3461 1326 3539 Carlcl,

169 3561 202 3613 ct
220 3551 254 3611 in
275 3551 412 3613 circuitu
434 3574 474 3613 xv
495 3553 643 3629 miliaria,
666 3560 699 3615 et
714 3552 759 3615 ibi
776 3554 915 3614 Sanctus
931 3549 1130 3612 Cuthbertus
1146 3567 1327 3629 congrega-

169 3639 290 3700 tionem
314 3638 606 3703 sanctimonialium
628 3648 660 3701 ct
682 3638 876 3702 abbatissam
897 3634 1067 3711 ordinavit,
1093 3641 1125 3695 et
1147 3632 1252 3695 scolas
1280 3634 1328 3698 ibi

217 3829 224 3851 ¹
242 3819 304 3869 This
315 3820 410 3870 section
423 3820 539 3871 hasbeen
552 3822 654 3884 printed
666 3823 699 3884 by
711 3822 762 3873 Mr.
772 3822 918 3883 honestade
930 3823 957 3872 in
968 3821 1014 3871 tha
1025 3818 1202 3881 Archaeologia
1216 3818 1328 3879 AEliaua,

168 3884 216 3935 vol.
229 3885 255 3935 ii.
269 3889 329 3944 (svo
340 3886 437 3946 series),
455 3903 479 3949 p.
491 3890 515 3947 6,
531 3887 594 3936 from
611 3888 655 3937 the
671 3887 777 3938 Lissen
799 3888 854 3939 MS.
889 3889 926 3939 As
944 3904 959 3937 a
972 3887 1059 3937 record
1071 3886 1099 3934 ol
1113 3884 1158 3934 the
1170 3885 1327 3946 possessions

168 3952 197 3999 ni
210 3951 255 4001 the
273 3951 371 4002 cbnreh
390 3953 417 4001 ol
431 3952 468 4002 St.
480 3953 616 4015 Cuthbert,
633 3955 655 4003 it
673 3955 694 4002 is
713 3955 813 4005 neit-her
827 3955 952 4018 completo
967 3969 1015 4002 nor
1029 3951 1171 4008 altogether
1190 3960 1328 4010 accurate3

168 4032 215 4066 nor
233 4018 292 4066 does
310 4017 331 4067 it
350 4018 450 4068 furnish
469 4034 499 4067 us
517 4019 579 4068 with
596 4035 646 4084 any
658 4021 760 4071 reliable
778 4021 943 4071 informatiou
961 4019 1045 4068 which
1058 4033 1094 4067 we
1109 4019 1142 4066 do
1159 4023 1202 4064 aiot
1221 4017 1329 4079 already

168 4098 262 4144 possess
281 4086 345 4132 from
363 4084 496 4134 anthentic
515 4101 622 4136 sources.
664 4085 692 4135 It
709 4087 762 4148 has,
780 4088 904 4148 however,
921 4088 985 4136 been
1005 4084 1118 4146 thought
1138 4082 1278 4144 expserlient
1300 4090 1329 4132 to

168 4149 239 4211 print
259 4150 279 4198 it
299 4152 325 4197 ia
345 4155 452 4211 artemo,
471 4151 509 4200 for
527 4151 570 4200 tha
590 4153 649 4202 sake
669 4153 697 4201 ol
716 4153 874 4215 coniparison
896 4153 957 4202 with
976 4151 1021 4200 the
1042 4149 1158 4198 Historia
1177 4149 1209 4197 de
1230 4148 1329 4198 Sancto

168 4216 320 4276 cuthberto,
338 4216 381 4265 the
394 4216 510 4266 Historia
521 4218 552 4267 de
564 4217 647 4268 Gestis
659 4219 769 4281 'Regum
786 4220 837 4269 aad
853 4218 984 4282 Synicon's
997 4216 1105 4278 Ilistory
1116 4213 1145 4263 ol
1159 4213 1205 4262 the
1218 4213 1329 4264 Church

167 4281 196 4328 ol
210 4281 335 4330 Durharn.
370 4282 425 4331 The
437 4286 492 4332 text
503 4283 523 4332 is
535 4284 612 4334 taken
624 4285 689 4335 from
701 4284 757 4335 MS.
770 4285 841 4346 Gale,
860 4285 890 4336 O.
909 4285 954 4345 iii,
969 4288 1015 4341 55;
1033 4283 1077 4332 the
1089 4281 1195 4345 chapter
1206 4279 1269 4330 does
1282 4288 1330 4330 not

168 4360 244 4396 occur
256 4347 338 4397 either
349 4347 377 4396 in
390 4347 446 4399 MS.
459 4348 532 4399 Laud
545 4366 573 4399 or
585 4350 687 4413 Cotton,
706 4351 784 4413 Nero,
802 4352 833 4402 A.
847 4352 872 4402 ii.
