2962 4920
298 419 364 482 222
768 433 936 477 uersuum
960 435 983 476 ι.
1062 417 1065 425 ’

365 587 519 670 Anglioa²
534 585 715 664 Britannia,
734 586 846 650 oceani
860 586 977 664 insula,
1001 585 1139 650 climatis
1154 585 1292 663 occidui,
1311 593 1463 650 extremo

300 696 382 759 pene
398 675 464 738 situ
484 673 524 737 ab
542 673 620 737 orbe
635 673 769 751 seclusa,
793 673 828 735 in
848 672 966 756 frigida
985 673 1081 756 plaga
1100 673 1259 756 aquilonis
1280 673 1400 756 posita,
1426 673 1462 736 in

302 762 418 825 ultima
442 761 542 824 ferme
568 759 655 823 orbis
680 760 826 842 margine
851 760 924 838 sita,
953 760 1040 823 inter
1064 780 1176 823 omnes
1198 760 1249 823 vel
1276 759 1385 842 prima
1409 760 1463 823 vel

301 847 469 924 maxima}
484 869 501 910 a
519 845 721 930 quibusdam,
734 847 810 929 quia
823 867 943 910 oceano
955 846 1181 929 circumgirata
1195 854 1256 922 est,
1273 846 1358 909 alter
1372 845 1463 909 orbis

301 934 491 1017 appellatur.
537 933 650 996 Insula
674 932 831 1016 singulari
850 933 1072 1016 amplitudine,
1093 932 1304 1015 omniumque
1320 932 1463 996 aliarum

302 1021 400 1084 decus
437 1028 470 1083 et
507 1019 619 1101 gloria,
657 1041 755 1102 quam
791 1019 869 1082 olim
901 1019 1035 1084 Carolus
1073 1020 1216 1102 Magnus
1244 1019 1463 1102 provinciam,

302 1106 448 1170 omnium
462 1106 622 1170 bonorum
636 1105 802 1170 fertilitate
817 1113 850 1169 et
865 1105 967 1190 eopia,
983 1127 1144 1170 cameram
1158 1127 1252 1169 suam
1267 1105 1418 1170 vocabat.

434 1329 578 1394 Daaelaya.
822 1327 1007 1392 Meremhrya.
1129 1327 1384 1392 west-sammaa.

403 1459 585 1511 Suthfoloscire
784 1457 883 1508 Easera
1116 1457 1264 1510 Kentsoire

403 1525 605 1576 Northloloscire
784 1523 959 1575 Middleseaxa
1115 1523 1219 1576 Surreie

403 1591 632 1655 Grantbrugesoire
784 1590 956 1642 Heortelorde
1116 1589 1258 1641 Suthseaxa

402 1658 592 1709 Linoolnasoire
784 1655 933 1707 Huntedun
1115 1655 1251 1706 Hamtune

404 1724 520 1775 Everwio
785 1722 913 1773 Bedelord
1115 1721 1302 1773 Wiltunesoira

403 1789 589 1855 Snotingeham
784 1788 961 1853 Bukyngham
1116 1787 1329 1840 Sumersetaeoire

336 1882 339 1888 ν
402 1856 564 1908 Deorbiseire
786 1853 919 1905 Oxenlord
1116 1854 1290 1906 Dorsetascira

403 1923 513 1974 stafford
785 1919 969 1971 Norhamtune
1117 1920 1287 1972 Devenasoire

402 1989 503 2041 Seaster
785 1986 949 2051 Iegemeeter
1116 1986 1266 2038 Berohseire

402 2053 574 2107 Soreobesoire
786 2052 963 2103 Warwicscire

786 2116 998 2170 Glousestersoire

353 2209 568 2262 worcestershire
596 2209 648 2260 and
672 2207 868 2260 Herelordshire
895 2223 938 2259 are
965 2207 1080 2259 omitted.
1125 2207 1244 2272 stafford,
1268 2208 1391 2274 chester,
1416 2215 1470 2263 and

305 2277 455 2341 Shropshire
467 2291 510 2327 are
519 2276 674 2326 transferred
685 2275 750 2325 lrom
759 2274 956 2340 Merohonelaga
964 2278 992 2325 to
1000 2274 1138 2338 Denelaga,
1149 2275 1201 2325 and
1212 2275 1301 2338 Essex,
1309 2276 1470 2341 Middlesex,

305 2343 507 2404 Hertlordshire,
523 2341 776 2406 Huntingdonshire,
796 2340 984 2402 Bedlordshire,
1004 2340 1265 2405 Buokinghamshire‚
1285 2342 1469 2407 Orlordshire‚

304 2408 576 2525 Northssmptonshiro,
592 2408 643 2458 aod
661 2407 857 2459 Ieicestershire
875 2423 917 2458 are
936 2407 1091 2458 transferred
1107 2407 1173 2457 lrom
1192 2407 1327 2474 Denelaga
1345 2413 1376 2461 to
1394 2411 1469 2463 Mer·

304 2478 385 2528 ohene
410 2490 449 2538 ga.

355 2552 367 2574 ’
384 2541 446 2591 This
457 2539 598 2604 paragraph
610 2539 632 2589 is
644 2543 689 2590 not
700 2539 728 2590 in
739 2539 785 2591 the
796 2538 912 2590 Arundel
924 2539 981 2589 MS.

353 2618 365 2649 v
383 2607 562 2722 Interlomnes
578 2607 666 2656 oceani
681 2606 778 2656 insides
795 2605 932 2657 Britannia
946 2608 987 2657 vel
1003 2605 1085 2671 prima
1096 2606 1135 2655 vel
1149 2605 1280 2670 praecipua
1290 2608 1470 2661 est-Alma

306 2676 445 2737 Beverlec„
472 2672 515 2736 .i.‚
527 2674 587 2724 sect.
598 2672 631 2723 iv.
