3008 4912
262 406 328 464 240
716 416 881 460 arrasam
905 417 957 458 in.

264 571 465 718 loqwlulmr'
496 570 530 631 in
560 567 723 650 omnibus]
753 588 825 650 qnae
854 566 981 649 agebat,
1009 566 1181 650 [calestia
1213 593 1256 636 se
1289 572 1447 658 cogitare]

262 667 364 722 osten(
377 682 393 718 e
405 666 459 719 rat.

819 838 860 899 V.

525 964 682 1037 Quomodo
691 964 756 1044 filii
772 965 897 1027 honeste
917 965 1045 1047 [nutriti
1058 964 1164 1046 sint}

327 1119 412 1180 ”Nee
432 1117 588 1180 minorem
611 1139 708 1199 quam
727 1116 866 1192 sibimet,
891 1116 965 1178 liliis
985 1137 1097 1178 euram
1118 1117 1376 1201 impendebat,
1399 1130 1445 1197 nt,

262 1204 421 1279 videlieet,
449 1226 523 1265 enm
548 1203 638 1266 omni
667 1202 835 1284 diligentia
861 1202 1072 1276 nutrirentur,
1097 1211 1132 1265 et
1162 1227 1275 1287 quam
1302 1208 1444 1270 maxime

262 1290 407 1353 honestis
422 1289 563 1352 moribus
578 1289 836 1351 instituerentur.
882 1288 978 1351 Unde
1003 1289 1079 1370 quia
1103 1288 1241 1354 sciebat
1266 1294 1442 1377 scriptum,

265 1377 324 1449 Qui
335 1378 444 1457 prorui!
465 1377 559 1457 virpoe
579 1376 792 1457 oditflfiliornss
811 1373 960 1436 familiari
984 1373 1133 1437 ministro
1159 1376 1383 1459 injunxerat,
1406 1390 1441 1442 ut

262 1463 387 1544 quoties
404 1461 545 1523 infantili
560 1460 690 1523 lascivia
710 1460 942 1543 delinquerent,
965 1460 1048 1521 sient
1068 1470 1150 1522 aetas
1173 1463 1239 1526 illa
1260 1466 1366 1543 solet,
1389 1488 1441 1529 eos

261 1549 328 1630 ipse
345 1549 440 1609 minis
456 1558 488 1609 et
504 1546 687 1609 verberibus
703 1555 871 1609 coerceret.
911 1547 984 1610 Quo
999 1545 1152 1626 religioso
1169 1550 1299 1614 matris
1316 1552 1440 1628 studio,

260 1635 379 1696 multos
395 1634 448 1715 qni
464 1632 676 1715 provectiores
695 1640 789 1695 aetate
804 1632 932 1694 fuerant
947 1652 1071 1694 morum
1087 1631 1274 1699 honestate
1292 1638 1439 1701 infantes

258 1719 547 1782 transcendebant:
573 1739 698 1799 semper
713 1718 798 1781 inter
812 1739 846 1780 sc
860 1717 1005 1780 benevoli
1025 1717 1216 1782 existebant
1238 1731 1276 1784 et
1293 1725 1438 1806 pacifici,

260 1814 292 1868 et
323 1806 430 1867 minor
458 1805 577 1886 ubique
608 1804 761 1866 honorem
792 1803 963 1866 exhibebat
991 1803 1116 1885 majori.
1163 1805 1274 1871 Unde
1297 1819 1336 1872 et
1352 1811 1438 1873 inter

258 1893 427 1954 missarum
446 1890 715 1966 sollemniacum
732 1899 805 1973 post
826 1899 974 1972 parentes
989 1889 1029 1951 ad
1044 1889 1257 1955 offerendum
1275 1897 1435 1976 procede-

259 1987 342 2053 rent,
363 1977 474 2059 jnnior
499 1978 654 2059 nrajorem
678 1975 851 2057 praevenire
877 1975 967 2039 nullo
993 1975 1087 2037 modo
1111 1982 1350 2062 praesumpsit,
1379 1983 1435 2046 sed

258 2065 435 2126 seeundum
452 2063 556 2126 aetatis
572 2062 717 2124 ordinem
734 2062 837 2145 major
855 2062 1018 2144 juniorem
1037 2062 1225 2143 praecedere
1242 2070 1432 2131 consuerit.

259 2152 349 2213 aaa
372 2149 488 2230 stipans
509 2157 583 2211 ante
607 2169 641 2209 se
664 2148 788 2224 ductos,
809 2148 975 2210 Christum
995 2155 1028 2210 et
1051 2147 1147 2209 fidem
1163 2147 1311 2228 Christi,
1334 2156 1434 2237 juxta

257 2236 342 2315 (prul
359 2245 435 2297 alas
453 2235 507 2297 illa
523 2255 634 2317 enpere
650 2241 785 2316 poterat,
800 2234 913 2296 docere
922 2259 931 2310 ;
956 2241 1000 2309 et,
1015 2241 1053 2295 ut
1067 2234 1154 2295 Eum
1173 2255 1313 2319 semper
1331 2240 1431 2303 time.

258 2332 340 2391 rent,
372 2321 543 2399 diligenter
572 2320 722 2382 studebat
752 2320 933 2382 admonere.
988 2318 1181 2395 “Timete”
1207 2320 1340 2405 inquit,
1370 2328 1429 2390 “O

256 2413 276 2440 “
289 2407 357 2481 lilii,
372 2407 558 2481 llorninnin,
574 2406 727 2478 Quoniam
738 2428 799 2468 noa
810 2407 871 2468 erit
883 2407 989 2486 inopia
1002 2406 1182 2468 timentibus
1192 2406 1287 2470 Eum
1297 2421 1330 2482 ,⁴³
1351 2419 1387 2474 et
1402 2413 1428 2475 si

257 2498 278 2526 “
291 2494 375 2553 llum
393 2492 578 2567 dilexeritis,
600 2492 674 2574 Ipse
697 2491 831 2568 vobis,0
851 2492 972 2554 viscera
987 2512 1069 2567 mea,
1091 2500 1124 2553 et
1146 2496 1328 2572 praesentis
1350 2498 1428 2561 vitae

256 2583 277 2611 “
290 2578 544 2659 prosperitatem,
563 2585 595 2639 et
611 2599 684 2639 eum
701 2578 828 2639 Sanctis
843 2578 992 2640 omnibus
1009 2585 1161 2639 aetcrnam
1176 2578 1300 2643 reddet
1315 2582 1426 2645 felici·

256 2669 277 2698 “
291 2663 426 2725 tatern.''
474 2664 553 2725 Ilaee
569 2663 680 2726 matris
696 2663 863 2739 desideria,
885 2663 952 2726 haeo
968 2663 1153 2738 admonitio,
1179 2662 1253 2727 haec
1278 2688 1341 2749 pro
1365 2692 1426 2732 sna

255 2748 364 2811 sobole
379 2749 431 2812 die
446 2756 607 2830 noctuque
623 2770 697 2811 eum
713 2749 862 2832 lacrymis
878 2749 992 2824 oratio,
1008 2757 1045 2810 ut
1060 2770 1154 2810 suum
1171 2750 1374 2817 Creatorem
1390 2757 1424 2819 ia

247 2835 315 2916 fide
345 2857 411 2916 pue
435 2857 496 2916 per
526 2836 723 2897 dilectionem
753 2844 913 2916 operatum
944 2842 1164 2917 agnoscerent,
1205 2841 1424 2916 agnoscendo

254 2921 406 2998 colerent,
423 2920 557 2986 colendo
573 2921 605 2982 in
622 2921 772 2983 omnibus
787 2929 819 2984 et
839 2942 935 3003 super
957 2920 1066 2984 omnia
1086 2920 1274 3001 diligerent,
1292 2935 1328 2987 et
1343 2926 1422 2988 dili-

253 3008 358 3090 gendo
374 3009 414 3071 ad
431 3007 566 3072 caelestis
582 3006 674 3088 regni
689 3006 815 3070 felicem
831 3006 966 3089 gloriam
982 3006 1194 3089 pervenirent.

794 3250 856 3313 VI.

255 3377 386 3461 [Quom]
407 3376 549 3440 studioso
557 3376 661 3456 fuerit
677 3377 710 3438 ia
726 3377 867 3453 lectione,
889 3376 1086 3460 [quomado
1101 3377 1135 3439 ia
1153 3377 1214 3440 hoo
1229 3398 1295 3442 non
1311 3385 1417 3446 solum

536 3483 626 3524 strom
641 3462 699 3525 sed
712 3463 808 3525 eliam
823 3465 957 3526 aliorum
972 3465 1114 3525 salutem.

313 3614 395 3675 'Nee
433 3614 614 3675 mirandum
653 3613 738 3696 quod
774 3615 901 3696 sapiens
935 3615 1047 3696 regina
1081 3622 1172 3676 tanto
1202 3636 1236 3677 se
1268 3639 1416 3703 suosque

251 3699 660 3781 regiminemoderabatur,
678 3723 748 3783 quae
769 3701 1005 3782 sapientissimo
1029 3722 1127 3763 sacrae
1147 3721 1275 3782 semper
1299 3705 1413 3790 Serip-

251 3789 332 3847 tnrte
362 3784 547 3866 magisterio
573 3786 755 3866 regebatur.
800 3787 900 3863 Nam,
927 3787 1012 3869 quod
1037 3807 1096 3868 ego
1120 3786 1154 3848 in
1181 3785 1238 3848 illa
1265 3792 1413 3856 multum

249 3870 400 3932 admirari
424 3870 576 3946 solebam,
601 3872 685 3934 inter
711 3894 880 3935 causarum
907 3873 1076 3949 tumultus,
1101 3873 1186 3934 inter
1208 3873 1413 3958 multiplices

247 3957 338 4037 regni
355 3977 457 4032 eiuras,
474 3957 555 4018 miro
572 3958 679 4019 studio
696 3959 820 4021 Divinae
835 3959 965 4022 lectioni
986 3979 1117 4040 operam
1142 3957 1240 4020 dabat
1250 3985 1260 4034 ;
1287 3961 1329 4025 de
1345 3987 1413 4047 qua

249 4062 322 4104 cnm
345 4041 536 4104 doctissimis
558 4043 772 4106 assidentibus
788 4044 863 4107 viris
885 4045 982 4109 etiam
1003 4044 1137 4106 subtiles
1161 4045 1280 4126 saepius
1303 4071 1414 4130 quaes.

413 4230 424 4251 t
442 4221 508 4271 lllno
519 4223 570 4272 and
581 4223 624 4273 red
636 4223 719 4276 letter.
968 4236 978 4258 ⁰
995 4226 1070 4277 Pron.
1083 4227 1135 4277 xiii.
1147 4232 1187 4277 at.

412 4297 424 4326 Ρ
444 4288 527 4337 l'salnr
540 4290 627 4340 xxxiii.
643 4295 681 4340 10.
969 4303 979 4332 ⁹
997 4293 1044 4357 Ep.
1057 4294 1095 4343 ud.
1108 4294 1164 4343 Gal.
1177 4309 1200 4344 v.
1210 4297 1235 4345 6.

738 4368 745 4387 f
766 4357 913 4409 uisitator.
