3008 4912
592 408 756 453 emotus
780 405 1015 449 DUNELMBNSIS

247 1035 684 1133 SYMEONIS
741 1027 1359 1157 DUNELMENSIS

452 1262 720 1355 HISTORIAE
763 1256 1165 1349 CONTINUATIO!

635 1552 964 1562 ...-—-—-—--.-..——

694 1768 914 1812 DCCCCLXVHI.

230 1859 331 1923 Auno
341 1860 542 1942 neceelxviij
554 1859 714 1923 uldredus
724 1860 890 1943 episcopus
902 1857 987 1941 apud
998 1858 1153 1921 Sanctum
1163 1857 1379 1921 Cuthbertum

230 1945 264 2006 in
285 1945 504 2043 'Cuneacestre
520 1946 585 2008 vita
601 1945 757 2021 decessit3
781 1945 832 2008 cui
854 1943 975 2007 Elisius
994 1944 1028 2005 in
1048 1944 1267 2027 episcopatum
1289 1966 1380 2007 succ-

229 2040 317 2093 esm.
715 2136 903 2179 nccccxcw.

231 2309 322 2388 obiit,
353 2313 445 2394 cujus
471 2313 557 2374 filius
582 2312 741 2375 Ricardus
766 2333 832 2374 uno
856 2333 941 2374 anno
968 2313 1130 2375 successit.
1183 2312 1260 2375 Post
1284 2334 1380 2394 quem

231 2395 331 2460 frater
345 2398 489 2480 ejusdcm
505 2397 698 2461 Rodbertus.

723 2553 895 2597 DCCCCXCV.

296 2642 394 2705 Anno
419 2663 592 2707 neccexcv
618 2644 767 2706 Alduuus
788 2645 956 2727 epiecopus
980 2644 1147 2708 transtulit
1166 2645 1206 2708 de
1222 2647 1334 2709 Cestre
1350 2647 1383 2709 iu

230 2726 398 2791 Dunholm
414 2749 530 2811 corpur
546 2730 657 2793 Sancti
673 2729 854 2793 Cuthberti.

788 2887 825 2929 M.

298 2975 426 3038 “Anno
447 2975 488 3038 ab
507 2975 728 3039 incarnatione
749 2977 881 3040 Domini
902 2977 1074 3040 millesimo
1088 2977 1256 3040 Danorum
1272 2978 1382 3039 classis

235 3067 257 3097 “
269 3061 403 3143 praefata
418 3061 479 3125 hoo
494 3084 579 3125 auno
593 3063 830 3126 Normanuiam
845 3063 961 3146 petit,''
982 3070 1053 3140 eto,
1078 3071 1111 3126 et
1125 3063 1271 3145 sequenti
1287 3085 1383 3140 anno,

233 3147 273 3209 ad
288 3147 441 3229 Angliam
456 3169 593 3225 reversa,
616 3149 726 3231 pejora
741 3149 899 3231 prioribus
914 3148 991 3230 egit.

774 3304 840 3345 ml.

300 3397 322 3427 “
331 3394 429 3455 Anno
442 3393 503 3475 aij
517 3393 678 3470 Emmam,
690 3393 847 3456 Saxonice
858 3392 1017 3474 Elfgivam
1029 3402 1185 3470 vocatam,
1198 3393 1287 3457 ducis
1299 3394 1385 3456 Nor-

234 3483 255 3513 “
268 3500 461 3541 marmorum
473 3479 574 3541 Primi
586 3479 715 3542 Ricardi
732 3479 842 3554 filiam,
854 3501 909 3542 rex
921 3478 1098 3560 Egelrcdus
1113 3479 1204 3541 duxit
1219 3500 1352 3542 uxorem
1364 3481 1385 3510 ’³

233 3564 274 3627 de
290 3586 354 3646 qua
367 3564 453 3627 idem
468 3585 524 3627 rex
540 3565 752 3627 Eadwardum
768 3586 888 3646 regem,
900 3586 1027 3627 necnon
1038 3565 1219 3641 Alfredum,
1236 3565 1385 3627 Godwini

233 3649 361 3713 comitis
378 3650 475 3732 longo
489 3658 562 3732 post
577 3658 720 3732 tempore
736 3650 817 3713 dolis
833 3651 1076 3733 interemptum,
1099 3650 1285 3733 procreavit.

755 3806 859 3849 nnn.

276 3898 405 3959 “Anno
432 3896 530 3980 axiij
555 3918 611 3959 rex
638 3896 816 3977 Egelredus
839 3896 984 3979 reginam
1008 3897 1192 3974 Emmam,'’
1216 3917 1288 3959 cum
1314 3895 1385 3960 thc-

235 3982 348 4060 sauria,
374 3982 643 4045 “Normanniam
661 3983 701 4045 ad
722 4004 817 4045 suum
837 3982 981 4060 fratrem,
1005 3983 1191 4046 Secundum
1213 3982 1387 4046 Ricardum

280 4133 296 4173 s
310 4132 386 4183 With
406 4133 451 4182 the
470 4148 531 4198 year
545 4131 594 4185 957
614 4133 659 4183 the
676 4134 745 4182 Beca
768 4134 866 4182 ‘talario
881 4132 952 4194 enda,
968 4132 1018 4182 and
1037 4147 1073 4182 we
1089 4132 1148 4182 take
1164 4147 1199 4195 up
1216 4132 1260 4181 the
1278 4131 1388 4194 History

232 4197 317 4248 where
336 4199 357 4248 it
374 4198 455 4249 ended
472 4199 499 4248 iu
516 4198 561 4249 the
573 4199 628 4248 first
639 4202 703 4262 part.
762 4199 793 4248 he
811 4197 905 4259 writer,
922 4197 1046 4258 however,
1064 4198 1158 4261 merely
1170 4197 1253 4260 copies
1265 4196 1387 4246 Floreucc

232 4263 327 4376 311}th
328 4262 444 4378 metz)
440 4263 485 4377 the
496 4278 557 4327 year
567 4267 625 4315 968.
660 4263 715 4313 'l'he
727 4265 783 4314 rule
794 4264 851 4314 that
862 4279 912 4313 was
922 4263 974 4312 laid
989 4264 1062 4313 down
1079 4264 1106 4312 in
1118 4264 1163 4312 the
1175 4268 1235 4313 note
1247 4268 1273 4311 to
1284 4278 1309 4326 p.
1321 4264 1353 4315 67
1367 4264 1388 4311 is
