3008 4912
302 404 366 463 226
764 417 929 460 nernxnrr
952 417 990 459 11.

304 571 401 646 illius,
423 577 558 651 quaeest
577 569 800 632 tertiodecimo
819 568 974 631 kalendas
988 566 1123 650 Aprilis,
1149 568 1359 650 aperientes
1384 564 1483 649 sepul·

305 657 417 718 chrum
430 658 499 738 ejus
511 656 636 731 fratres,
652 665 689 718 ut
700 677 773 718 ossa
783 654 880 732 illius,
893 676 964 737 qnae
976 654 1044 736 jam
1058 653 1145 716 sicea
1161 653 1384 718 invenienda
1399 660 1483 736 puta·

305 741 394 816 bant,
415 764 511 823 snpra
527 743 744 824 perimentum
760 741 865 823 dignae
879 739 1092 804 venerationis
1109 740 1227 821 gratia
1243 741 1416 815 locarent,
1438 739 1481 800 in·

304 838 461 889 venerunt
476 848 591 910 eorpus
605 836 722 902 totum,
747 827 839 909 quasi
854 826 958 889 adhue
972 826 1102 901 vireret,
1122 826 1322 908 integrum,
1350 836 1386 889 et
1401 824 1481 888 fleni-

304 911 422 974 bilibus
434 922 562 976 artiinm
575 911 792 996 compagibus,
804 912 908 975 multo
922 911 1094 974 dormienti
1109 933 1216 993 quam
1234 922 1382 976 mortno
1398 910 1480 974 simi·

304 996 376 1059 lius.
423 999 626 1061 Vestimenta
645 1020 771 1081 quoque
795 998 911 1080 quibus
930 998 1080 1060 indutum
1101 1005 1187 1073 erat,
1216 999 1431 1061 intemerata
1452 1004 1481 1058 et

304 1083 409 1164 prisea
423 1085 565 1147 novitate
583 1094 616 1147 et
636 1085 782 1147 claritate
802 1083 957 1147 miranda.
1003 1084 1196 1146 Extremam
1223 1094 1365 1167 partem
1390 1083 1479 1145 indu·

304 1177 485 1232 mentorum
509 1171 579 1252 ejus
600 1192 659 1252 pro
682 1170 880 1233 ostendendo
902 1169 1153 1251 incorruptionis
1179 1170 1288 1251 signo
1313 1170 1481 1243 tollentes,

304 1275 387 1317 novo
413 1256 593 1318 involutum
617 1255 738 1319 amictu
761 1277 887 1337 eorpus,
914 1256 1039 1337 levique
1061 1254 1095 1316 in
1120 1254 1224 1318 theca
1254 1257 1481 1328 reconditum,

304 1363 400 1423 supra
413 1342 632 1424 pavimentum
648 1341 822 1404 sanctuarii
838 1348 1093 1424 composuerunt.

467 1544 717 1594 lx.-QUOM01›0
740 1544 925 1586 DES'PRL'CTA
948 1544 1005 1585 ΕΜ·
1028 1543 1104 1584 EJUS
1127 1543 1309 1588 ECCLESIA.

368 1662 464 1723 Anno
488 1661 528 1723 ab
552 1660 772 1723 incarnatione
797 1659 929 1722 Domini
953 1657 1123 1735 ncc.xeiii.,
1151 1667 1216 1722 ete.
1286 1663 1480 1745 (Symeonis

303 1746 391 1808 llist.
409 1747 573 1824 Dunelm.,
589 1747 649 1823 lI.,
665 1747 706 1827 v.)

424 1961 659 2011 rte-QUOMODO
681 1961 768 2011 AQUA
791 1962 827 2003 IN
851 1960 1045 2004 aduentante
1069 1961 1242 2005 CONVERSA
1270 1966 1345 2009 EST.

367 2070 464 2130 Anno
485 2068 525 2131 ab
545 2069 767 2132 incarnatione
789 2069 923 2131 Domini
944 2067 1133 2145 neeclxrv„
1158 2077 1224 2132 etc.
1280 2073 1381 2154 (Hist
1404 2075 1476 2138 Du·

300 2152 410 2230 nelm.,
428 2155 486 2229 Il.,
501 2154 555 2232 vi,
571 2155 626 2236 xi.)

601 2361 736 2404 rin-nu
760 2363 862 2406 buxeo
884 2364 1154 2407 nvnnennloavn.

369 2473 441 2537 llue
455 2482 647 2557 tempestate
660 2477 736 2539 dnm
748 2477 849 2555 navis,
861 2487 922 2541 ete.
951 2479 1050 2562 (llist.
1064 2480 1231 2560 Dunelm.,
1244 2484 1310 2563 IL,
1324 2489 1383 2568 xi„
1395 2493 1466 2571 xii.)

301 2683 451 2726 xib—nr:
475 2686 588 2728 CRBCA.
636 2688 801 2731 nin-DE
823 2691 1088 2736 cUNcflecus‘ruR.
1133 2695 1294 2739 nist-*DE
1321 2702 1466 2745 seorsis.

367 2800 450 2862 Cum
466 2801 563 2865 etiam
580 2803 703 2886 corpori
719 2825 788 2880 sue,
804 2814 865 2868 ete.
888 2806 988 2887 (Hist.
1004 2808 1167 2886 Dunelm.,
1184 2810 1246 2887 II.,
1263 2813 1350 2896 xiii.)

722 3026 861 3068 XV.·-DE
886 3027 1030 3073 suffusi.

368 3138 465 3200 Anno
478 3138 656 3202 Domiuieae
671 3139 901 3204 incarnationis
916 3163 1043 3222 enaev,
1060 3145 1100 3209 ab
1115 3145 1206 3210 obitu
1221 3148 1339 3214 Sancti
1357 3156 1461 3219 Cuth-

304 3222 387 3284 berti
409 3224 521 3299 cccix,
546 3224 638 3305 regni
656 3247 731 3288 vero
750 3226 932 3290 AEthelredi
955 3230 1028 3307 xvii,
1051 3233 1257 3314 pontificatus
1281 3239 1334 3300 sui
1358 3252 1461 3319 sexto,

303 3308 453 3371 llldunus
473 3310 649 3391 episeopus,
673 3312 793 3374 caelesti
815 3314 1021 3395 praemonitus
1041 3318 1170 3381 oraculo
1191 3327 1229 3382 ut
1251 3342 1329 3385 cum
1354 3326 1460 3391 incor-

304 3402 399 3475 rupto
415 3395 608 3457 sanctissimi
627 3397 728 3478 patris
750 3419 881 3480 corpore
900 3403 1115 3482 quantocitius
1135 3404 1263 3487 fugiens
1285 3431 1461 3492 superven-

304 3487 409 3540 turam
434 3490 620 3563 pyratarum
643 3482 765 3546 rabiem
787 3485 973 3562 declinaret,
997 3488 1074 3550 tulit
1094 3489 1175 3553 illud
1195 3492 1281 3555 cxiii.
1299 3517 1398 3575 anno,
1422 3521 1460 3562 ex

305 3586 368 3646 qno
382 3566 413 3626 in
427 3567 662 3630 Cunclieeestre
674 3568 815 3631 locatum
827 3570 943 3646 fueret,
959 3581 1075 3636 etcum
1088 3577 1177 3638 omni
1188 3577 1244 3658 qui
1256 3580 1328 3662 ejus
1339 3583 1461 3647 dicitnr

304 3651 421 3731 populo
448 3652 479 3713 in
510 3653 649 3734 Ilripum
672 3656 912 3736 transportavit,
938 3663 1203 3741 temperaturis:
1232 3663 1267 3725 in
1293 3687 1360 3747 qua
1383 3670 1461 3752 fuga

305 3736 385 3797 illud
410 3738 617 3800 memorabile
643 3739 755 3814 fertur,
783 3740 869 3822 quod
898 3742 932 3804 in
963 3752 1055 3807 tanta
1080 3747 1289 3813 multitudine
1316 3773 1415 3818 nemo
1442 3779 1460 3819 a

305 3821 439 3883 minimo
456 3823 495 3884 ad
511 3823 686 3885 maximum
703 3824 770 3887 ulla
784 3826 980 3891 infirmitatis
996 3830 1143 3895 molestia
1163 3834 1379 3917 affligebatur,
1403 3842 1460 3905 scd

304 3907 373 3969 sine
389 3908 456 3969 ullo
471 3908 579 3971 labore
595 3918 627 3971 et
639 3910 841 3974 incommodo
853 3912 937 3975 viani
949 3916 1125 3996 gradiendo
1136 3919 1339 3986 incedebant.
1378 3929 1460 3990 Ani·

303 3992 400 4055 malia
415 3993 513 4056 etiam
529 4002 649 4058 tenera‘
661 4004 693 4059 et
708 4018 811 4078 nuper
824 4005 912 4076 nata,
928 4022 1006 4064 sana
1021 4011 1054 4065 et
1068 4003 1253 4083 incolumia,
1265 4007 1336 4072 sine
1352 4011 1462 4096 aliqua

352 4128 434 4177 ‘Tho
454 4127 586 4191 imperfect
606 4128 662 4180 MS.
682 4130 744 4180 used
762 4131 796 4196 by
816 4132 861 4183 the
879 4133 975 4185 editors
992 4137 1021 4186 ot
1034 4138 1079 4188 the
1099 4139 1165 4191 Acta
1185 4141 1340 4195 Sanctorum
1359 4147 1464 4201 &came

301 4192 424 4243 avoilable
435 4199 462 4242 at
473 4195 525 4243 this
536 4195 617 4257 point,
635 4195 680 4246 the
695 4196 781 4246 hiatus
798 4199 940 4264 extending
956 4202 1058 4267 beyond
1068 4204 1113 4254 the
1125 4207 1193 4256 word
1204 4212 1299 4260 tenera.
1335 4212 1401 4263 'l'his
1412 4218 1464 4266 and

301 4259 346 4305 thr
366 4259 495 4321 following
513 4261 609 4310 section
628 4262 746 4326 together
760 4263 826 4313 torm
841 4265 937 4316 section
951 4282 992 4318 xx.
1004 4270 1033 4318 ol
1046 4270 1091 4320 the
1106 4270 1184 4322 Liber
1196 4273 1227 4324 de
1239 4273 1466 4332 Translationibus

303 4322 329 4371 in
342 4323 387 4372 tlte
399 4324 500 4385 printed
512 4325 603 4389 copies.
