3008 4912
309 365 372 425 266
765 381 932 424 ιιιιιιιιιιι
955 381 1000 424 ιι.

308 542 408 617 toque
427 534 535 617 pallio,
558 555 632 597 cum
653 556 687 598 se
708 534 810 598 linteo
831 533 1061 618 praecinxisset,
1082 532 1190 616 posita
1213 532 1251 595 in
1272 533 1366 616 pelvi
1384 556 1476 616 aqua,

310 621 408 702 coepit
433 622 539 685 lavare
565 621 660 703 pedes
683 642 796 684 eorum
821 629 855 684 et
877 627 1054 703 extergere,
1086 628 1301 701 extersosque
1328 620 1476 703 utrisque

309 707 529 788 constringere
541 707 701 786 manibus,
713 715 747 771 et
760 706 967 772 devotissime
977 706 1126 769 oseulari.
1172 706 1238 768 Cui
1250 728 1315 788 ego
1323 733 1335 783 ,·
1355 714 1378 741 “
1388 707 1474 774 Quid

311 797 331 826 “
344 793 423 874 agis,
446 793 589 876 inquam,
612 816 632 857 o
646 793 803 857 domina?
848 794 945 857 Certe
968 794 996 856 si
1016 815 1072 856 rex
1087 791 1184 855 sciret
1200 792 1276 868 ista,
1302 815 1472 875 nunquam

311 883 331 913 “
344 899 380 941 os
394 887 500 958 tuum,
522 880 599 944 tabe
614 880 672 943 tali
693 880 864 962 pollutum,
887 880 953 942 suis
978 879 1167 960 dignaretur
1186 885 1328 961 tangere
1342 879 1471 943 labiis.''

309 964 401 1028 Time
414 965 472 1028 illa
483 966 663 1042 subridens,
686 973 707 1002 “
718 967 853 1044 Pedes,''
876 967 933 1042 ait,
956 964 1088 1048 “Regis
1109 965 1240 1028 AEterni
1258 966 1336 1048 quis
1350 966 1472 1029 nesciat

310 1050 438 1114 “labiis
462 1053 547 1135 regis
571 1053 721 1116 morituri
745 1074 815 1116 esse
839 1052 1076 1135 praeferendos?
1131 1051 1221 1133 Ergo
1246 1059 1350 1129 certe,
1373 1053 1473 1116 frater

311 1142 332 1172 “
344 1137 518 1215 carissime,
551 1139 671 1202 idcirco
700 1138 810 1202 vocavi
838 1148 882 1214 te,
908 1146 946 1201 ut
975 1137 1121 1220 exemplo
1149 1158 1224 1201 meo
1254 1139 1339 1201 talia
1368 1139 1471 1202 discm

311 1229 332 1259 “
344 1225 502 1306 operari.'’
548 1227 685 1308 Sumpta
698 1224 815 1288 deinde
830 1224 924 1308 pelvi,
940 1231 962 1260 “
972 1225 1070 1301 Fac,”
1086 1224 1143 1300 ait,
1160 1230 1180 1258 “
1191 1224 1282 1306 quod
1297 1246 1354 1288 me
1369 1225 1472 1289 faeere

310 1314 332 1346 “
344 1310 490 1375 intueris
492 1312 513 1343 '’
558 1312 612 1375 Ad
626 1312 710 1374 hanc
725 1332 836 1375 vocem
847 1311 1052 1375 vehementer
1066 1310 1189 1392 expavi,
1213 1320 1249 1373 et
1264 1311 1361 1374 nullo
1376 1311 1472 1375 modo

309 1396 414 1460 idme
434 1398 502 1480 pati
525 1419 617 1481 posse
639 1398 810 1480 respondi:
834 1397 989 1461 necdum
1007 1397 1094 1460 euim
1114 1396 1259 1459 sciebam
1278 1398 1472 1476 Dominum,

312 1505 372 1547 nec
397 1485 556 1548 revelatus
583 1485 687 1548 fuerat
713 1483 793 1546 mihi
822 1484 961 1566 Spiritus
987 1483 1078 1566 Ejus.
1134 1482 1199 1546 Illa
1226 1482 1335 1566 igitur
1357 1486 1473 1569 coeptis

312 1568 495 1648 insistente,
519 1592 579 1654 ego
594 1593 667 1635 mea
681 1571 777 1653 culpa
791 1570 911 1647 ridens,
935 1591 1074 1634 remeavi
1064 1569 1131 1634 ad
1144 1569 1251 1633 socios
1268 1583 1389 1634 meos.

362 1788 496 1868 Resides
507 1791 553 1842 the
571 1791 683 1842 extracta
701 1789 777 1866 given
795 1789 881 1851 above,
898 1789 944 1840 the
964 1788 1093 1853 following
1077 1803 1221 1853 passage,
1233 1788 1324 1840 which
1338 1806 1435 1842 occurs
1449 1791 1477 1842 ιιι

309 1855 418 1920 chapter
435 1857 515 1920 xviii,
540 1858 561 1907 is
580 1856 719 1907 ascribed
712 1870 740 1905 ιιι
759 1870 828 1906 some
848 1854 923 1906 MSS.
942 1858 969 1906 to
989 1855 1089 1919 'Fui-got
1098 1855 1219 1906 :-Anu0
1237 1855 1350 1906 Domini
1371 1858 1477 1910 mlxvii.

312 1921 406 1972 Sancta
423 1923 570 1988 Margareta
587 1939 634 1986 cop
636 1922 705 1972 ulata
723 1921 774 1972 ruit
791 1921 1013 1972 matrimonialiter
1029 1921 1084 1985 regi
1101 1921 1241 1971 Μιιιιιιιιιο
1257 1938 1331 1973 anno
1346 1925 1425 1988 regni
1436 1925 1477 1975 sui

312 1987 518 2053 decimoquarto
554 1989 605 2039 Hic
614 1940 735 2052 dugliam
745 2002 825 2063 usque
834 1987 971 2038 Clereland
983 1988 1098 2048 vastavit,
1110 2003 1124 2038 e
1125 1987 1248 2038 tredieus
1258 2004 1308 2052 per
1315 1989 1478 2053 Wemesm

312 2069 480 2171 iluae
388 2060 427 2106 est
444 2060 484 2105 ost
482 2055 626 2105 iumWeri
645 2055 766 2115 fluminis,
784 2054 891 2104 intravit
906 2054 1025 2115 Sentium,
1042 2057 1068 2104 et
1085 2053 1184 2103 invenit
1199 2059 1262 2104 ante
1277 2069 1306 2104 se

338 2121 480 2185 thelingct
500 2137 596 2171 sorores
615 2136 673 2170 suas
693 2119 866 2196 Margaretam
883 2124 910 2170 et
928 2092 1111 2170 christinam
1104 2135 1132 2169 m
1155 2135 1220 2170 nave
1237 2120 1377 2172 latitantes
1384 2139 1478 2198 prope

313 2185 420 2245 Culros;
443 2191 469 2237 ct
488 2187 661 2251 Margaretam
680 2186 844 2236 matrimonio
863 2186 1000 2249 copulavit.
1040 2185 1172 2236 christina
1190 2200 1252 2236 vero
1271 2202 1348 2237 soror
1367 2188 1427 2252 ejus
1448 2191 1477 2239 in

312 2250 410 2301 Christi
429 2269 546 2316 sponsam
565 2252 730 2303 benedicitur.
765 2251 918 2302 Malcolmus
932 2267 978 2303 rex
996 2252 1088 2316 genuit
1104 2267 1135 2301 ex
1149 2251 1301 2314 Margareta
1312 2269 1360 2304 sex
1372 2255 1478 2306 inclitos

313 2317 386 2379 tilios,
403 2319 689 2378 scilieetEadwardum‚
702 2318 894 2380 Eadmundum,
909 2318 1094 2380 AEthelredum
1107 2317 1264 2382 Endgarum,
1281 2318 1477 2383 Alexandrum,

311 2387 338 2432 et
350 2385 467 2434 omniurn
478 2400 569 2447 regum
581 2383 787 2434 strenuissimum
799 2383 896 2446 David;
912 2389 939 2434 et
950 2385 1014 2434 duas
1026 2383 1096 2445 filias,
1112 2384 1248 2434 Matildem
1259 2384 1370 2447 seilicet,
1387 2361 1479 2450 posted

312 2450 428 2512 reginam
439 2450 549 2513 singlis,
561 2454 730 2512 cognomento
740 2451 848 2512 Bonam,
856 2453 882 2500 et
891 2449 1001 2500 Mariam
1013 2423 1166 2500 comitissam
1174 2449 1302 2500 Bononiae
1313 2470 1319 2502 :
1338 2453 1478 2518 dequibus

312 2515 420 2577 singulis
435 2519 521 2578 postea
536 2530 582 2565 suo
600 2516 656 2565 loco
672 2515 779 2567 dicetur.
815 2516 903 2578 Qualis
915 2531 982 2577 vero,
994 2516 1034 2567 vel
1044 2515 1133 2579 quanti
1146 2515 1231 2566 meriti
1244 2517 1333 2566 suerat
1344 2518 1391 2567 illa
1402 2520 1479 2570 beata

312 2582 401 2643 regina
419 2581 566 2645 Margareta
582 2581 650 2644 apud
666 2580 751 2631 Deum
763 2586 790 2632 et
800 2582 925 2643 homines,
942 2582 1021 2632 vitam
1033 2582 1087 2646 ejus
1098 2581 1252 2632 laudabilem
1264 2586 1292 2633 et
1302 2590 1428 2646 mortem,
1446 2601 1478 2637 se

312 2647 443 2709 miracula,
455 2647 519 2698 liber
531 2647 590 2697 inde
598 2647 730 2697 confectus
738 2648 883 2711 legentibus
893 2647 1037 2699 declarabit.
1072 2647 1099 2697 lt
1110 2648 1160 2697 will
1172 2648 1204 2698 be
1215 2663 1277 2698 seen
1288 2649 1350 2698 that
1361 2651 1409 2701 the
1420 2653 1478 2703 first

312 2721 370 2777 part
381 2715 410 2764 of
424 2713 476 2764 this
487 2716 594 2774 extract,
611 2713 737 2777 although
749 2715 770 2763 it
782 2714 827 2764 has
838 2730 853 2763 a
864 2715 966 2778 general
984 2714 1153 2764 resemblance
1164 2716 1191 2763 to
1202 2713 1247 2763 the
1263 2715 1372 2777 parallel
1385 2733 1477 2768 narra-

312 2780 365 2830 tive
383 2780 410 2829 in
429 2780 473 2830 the
493 2779 609 2829 Historia
624 2779 735 2842 Regum,
753 2780 838 2829 differs
855 2780 997 2844 materially
1009 2781 1075 2830 srom
1086 2780 1115 2830 it.
1150 2778 1183 2828 In
1195 2779 1240 2830 the
1252 2779 1332 2831 latter
1344 2783 1419 2833 νιοιιι
1431 2785 1478 2835 the

313 2848 367 2897 first
378 2847 462 2897 casual
474 2846 587 2909 meeting
598 2846 626 2895 ol
639 2845 762 2895 Malcolm
773 2846 836 2895 with
848 2846 935 2911 Rdgar
947 2846 1073 2912 Atheling
1087 2845 1138 2896 and
1153 2845 1194 2896 his
1205 2846 1310 2898 mother
1320 2849 1377 2900 aud
1388 2850 1477 2902 sistere

311 2914 334 2964 is
344 2913 399 2964 said
409 2916 436 2965 ιο
448 2913 512 2965 have
523 2914 588 2964 been
599 2915 626 2963 at
637 2912 817 2963 Wearmouth.
